mklau@rclogin11.rc.fas.harvard.edu.28082:1446475930